
@article{achalma_alisis_2018,
	title = {Análisis estadístico de los alumnos de Estadística de la serie 200 de Economía 2018-I},
	url = {https://achalmaedison.netlify.app//docs/blog/posts/2018-05-16-estadigrafos},
	abstract = {En este blog, se presenta un análisis detallado de las características de los alumnos de Estadística de la serie 200 de Economía durante el período 2018-I. Se examinan variables como el lugar de residencia, nivel educativo de los padres, actividad laboral, uso del comedor universitario, estado civil, entre otros. Los cuadros presentados muestran la distribución de los datos y proporcionan información clave para comprender el perfil de los estudiantes y su entorno.},
	author = {Achalma, Edison and Ayala, Angie and Ccallocunto, Eliana and Lope, Annie and Mendivil, Yuditza},
	urldate = {2023-06-20},
	date = {2018-04-16},
	langid = {spanish},
	file = {Full Text PDF:/home/achalmaedison/Zotero/storage/UVGYP4KL/Achalma et al. - 2018 - Análisis estadístico de los alumnos de Estadística.pdf:application/pdf},
}

@article{achalma_aparicion_2018,
	title = {Aparición del Pensamiento Socialista},
	url = {https://achalmaedison.netlify.app//docs/blog/posts/2018-04-23-aparicion-pensamiento-socialista},
	abstract = {Pensamiento socialista},
	author = {Achalma, Edison},
	urldate = {2023-06-20},
	date = {2018-04-23},
	langid = {spanish},
	file = {Full Text PDF:/home/achalmaedison/Zotero/storage/MH9576ZQ/Achalma - 2018 - Aparición del Pensamiento Socialista.pdf:application/pdf},
}

@article{achalma_factores_2018,
	title = {Factores que influyen en el rendimiento académico de la serie 100 y 200},
	url = {https://achalmaedison.netlify.app//docs/blog/posts/2018-12-26-factores-influyen-rendimiento-academico},
	abstract = {Descubre},
	author = {Achalma, Edison and Argumedo, Marilin and Bermudo, Felix and Gómez, Margoth and Guitierrez, Luz},
	urldate = {2023-06-20},
	date = {2018-12-26},
	langid = {spanish},
	file = {Full Text PDF:/home/achalmaedison/Zotero/storage/8X9KR2V3/Achalma et al. - 2018 - Factores que influyen en el rendimiento académico .pdf:application/pdf},
}

@article{achalma_rendimiento_2019,
	title = {Rendimiento académico y genero de los ingresantes 2010 a la {UNSCH}},
	url = {https://achalmaedison.netlify.app//docs/blog/posts/2019-12-30-rendimiento-academico-genero-ingresantes-2010},
	abstract = {Este blog analiza la influencia del género en el rendimiento académico de los estudiantes que ingresaron en 2010 a la Universidad Nacional de San Cristóbal de Huamanga. Se exploran las diferencias entre hombres y mujeres en relación con el rendimiento académico y se utiliza una metodología basada en datos proporcionados por la universidad. El estudio concluye que el rendimiento estimado para las mujeres es consistentemente superior al de los hombres.},
	author = {Achalma, Edison and Alcarraz, Geancarlos and Alfaro, Juan and Cruz, Luis De La and Pérez, David},
	urldate = {2023-06-20},
	date = {2019-12-30},
	langid = {spanish},
	file = {Full Text PDF:/home/achalmaedison/Zotero/storage/BL737F8Y/Achalma et al. - 2019 - Rendimiento académico y genero de los ingresantes .pdf:application/pdf},
}

@article{achalma_aprende_2020,
	title = {Aprende a usar Google Assistant Comandos útiles y trucos},
	url = {https://achalmaedison.netlify.app//docs/blog/posts/2020-05-23-comandos-goole-assistant},
	abstract = {Descubre los comandos más útiles y trucos para utilizar Google Assistant en tu vida diaria. Desde programar recordatorios hasta controlar dispositivos inteligentes en tu hogar, este blog te mostrará cómo aprovechar al máximo esta herramienta.},
	author = {Achalma, Edison},
	urldate = {2023-06-20},
	date = {2020-05-23},
	langid = {spanish},
	file = {Full Text PDF:/home/achalmaedison/Zotero/storage/PEGPB7R9/Achalma - 2020 - Aprende a usar Google Assistant Comandos útiles y .pdf:application/pdf},
}

@article{achalma_alisis_2021,
	title = {Análisis del Impacto del Crecimiento Económico en la Recaudación de Impuestos en Ayacucho},
	url = {https://achalmaedison.netlify.app//docs/blog/posts/2022-01-11-v1-recaudacion-impuestos-gob-nac-crecimiento-economico-2017-2019},
	abstract = {Descubre cómo el crecimiento económico de Ayacucho ha influido en la recaudación de impuestos durante más de una década. Este análisis examina la relación entre el Valor Agregado Bruto y los ingresos fiscales, destacando los momentos clave y las implicaciones para la economía regional.},
	author = {Achalma, Edison and Bañico, Nataly and Berrocal, Nikole and Carbajal, Elvis and Castillo, Kattya and Castro, Hans and Cuba, Luz},
	urldate = {2023-06-20},
	date = {2021-01-11},
	langid = {spanish},
	file = {Full Text PDF:/home/achalmaedison/Zotero/storage/5IJZPBJZ/Achalma et al. - 2021 - Análisis del Impacto del Crecimiento Económico en .pdf:application/pdf},
}

@article{achalma_comandos_2021,
	title = {Comandos útiles de Blogdown para crear sitios web con R},
	url = {https://achalmaedison.netlify.app//docs/blog/posts/2021-07-14-comandos-blogdown},
	abstract = {Aprende a crear sitios web utilizando Blogdown, una herramienta que te permite construir páginas web estáticas con {RStudio} de manera fácil y rápida. Esta guía te enseñará los comandos más importantes para comenzar a crear tu propio sitio web en {RStudio}.},
	author = {Achalma, Edison},
	urldate = {2023-06-20},
	date = {2021-07-14},
	langid = {spanish},
	file = {Full Text PDF:/home/achalmaedison/Zotero/storage/EDSM92T5/Achalma - 2021 - Comandos útiles de Blogdown para crear sitios web .pdf:application/pdf},
}

@article{achalma_gestion_2021,
	title = {Gestión Pública y Administración Pública Definiciones, Conceptos y Aplicación},
	url = {https://achalmaedison.netlify.app//docs/blog/posts/2021-10-01-gestion-publica-administracion-publica-definiciones-conceptos-aplicacion},
	abstract = {Explora las definiciones, conceptos y aplicaciones de la gestión pública y la administración pública en este artículo informativo. Aprende cómo estas categorías están estrechamente relacionadas con el buen manejo de los recursos públicos y el logro de metas colectivas. Descubre las diferencias clave entre gestión pública y administración pública, así como su importancia en la gestión gubernamental.},
	author = {Achalma, Edison and Bermudo, Felix and Borda, Noe and Castillo, Kattya and Fernandez, Yuri},
	urldate = {2023-06-20},
	date = {2021-10-01},
	langid = {spanish},
	file = {Full Text PDF:/home/achalmaedison/Zotero/storage/T9RPA28K/Achalma et al. - 2021 - Gestión Pública y Administración Pública Definicio.pdf:application/pdf},
}

@article{achalma_reformas_2021,
	title = {Reformas y Modernización de la Gestión Pública en Perú.},
	url = {https://achalmaedison.netlify.app//docs/blog/posts/2021-10-01-reformas-modernizacion-gestion-publica-peru},
	abstract = {Este ensayo explora la importancia de reformar y modernizar la gestión pública en Perú, abordando aspectos clave como la eficiencia, transparencia y mejora en la prestación de servicios.},
	author = {Achalma, Edison and Bermudo, Felix and Borda, Noe and Castillo, Kattya and Fernandez, Yuri},
	urldate = {2023-06-20},
	date = {2021-10-01},
	langid = {spanish},
	file = {Full Text PDF:/home/achalmaedison/Zotero/storage/3L6ILEQS/Achalma et al. - 2021 - Reformas y Modernización de la Gestión Pública en .pdf:application/pdf},
}

@article{achalma_economiagraria_2022,
	title = {La Economía Agraria},
	url = {https://achalmaedison.netlify.app//docs/blog/posts/2022-04-22-economia-agraria},
	abstract = {hola},
	author = {Achalma, Edison},
	urldate = {2023-06-20},
	date = {2022-04-22},
	langid = {spanish},
	file = {Full Text PDF:/home/achalmaedison/Zotero/storage/KDMP74AL/Achalma - 2022 - La Economía Agraria.pdf:application/pdf},
}

@article{achalma_abordando_2022,
	title = {Abordando el cambio climático y otros desafíos ambientales Perspectivas y soluciones},
	url = {https://achalmaedison.netlify.app//docs/blog/posts/2022-06-02-medio-ambiente},
	abstract = {Este artículo ofrece una visión integral sobre el cambio climático y otros problemas ambientales que afectan nuestro planeta y nuestra vida diaria. Explora estrategias para promover reformas inclusivas que aborden los desafíos ambientales. El análisis detallado de las exportaciones de productos tradicionales, los precios del petróleo crudo y derivados, y los precios del gas natural durante un período específico proporciona información valiosa sobre la economía y el medio ambiente. Además, se examina la relación entre el volumen del cobre y el oro, dos recursos naturales clave. ¡Explora este contenido para obtener conocimientos profundos y soluciones prácticas!},
	author = {Achalma, Edison and Añanca, Zahira and Fernández, Anais and Gamboa, Brenda and Gómez, Margoth},
	urldate = {2023-06-20},
	date = {2022-06-03},
	langid = {spanish},
	file = {Full Text PDF:/home/achalmaedison/Zotero/storage/AAVSVQWM/Achalma et al. - 2022 - Abordando el cambio climático y otros desafíos amb.pdf:application/pdf},
}

@article{achalma_comandos_2022,
	title = {Comandos básicos de Vim para mejorar tu flujo de trabajo},
	url = {https://achalmaedison.netlify.app//docs/blog/posts/2022-09-27-comandos-vim},
	abstract = {En este artículo encontrarás una guía completa de los comandos básicos de Vim, uno de los editores de texto más populares en el mundo de la programación. Desde cómo abrir y cerrar archivos, hasta cómo buscar y reemplazar texto, aprenderás a utilizar Vim para mejorar tu flujo de trabajo y ser más eficiente en tu programación.},
	author = {Achalma, Edison},
	urldate = {2023-06-20},
	date = {2022-09-27},
	langid = {spanish},
	file = {Full Text PDF:/home/achalmaedison/Zotero/storage/PDMWGN28/Achalma - 2022 - Comandos básicos de Vim para mejorar tu flujo de t.pdf:application/pdf},
}

@article{achalma_como_2022,
	title = {Cómo usar {APK} en Windows 11 una guía paso a paso},
	url = {https://achalmaedison.netlify.app//docs/blog/posts/2021-10-21-usando-apk-en-windown-11},
	abstract = {Descubre cómo usar {APK} en Windows 11 para acceder a tus aplicaciones móviles favoritas desde tu {PC}. Esta guía paso a paso te muestra cómo instalar y ejecutar {APK} en Windows 11 sin problemas.},
	author = {Achalma, Edison},
	urldate = {2023-06-20},
	date = {2022-10-21},
	langid = {spanish},
	file = {Full Text PDF:/home/achalmaedison/Zotero/storage/4KQQF4W9/Achalma - 2022 - Cómo usar APK en Windows 11 una guía paso a paso.pdf:application/pdf},
}

@article{achalma_guigit_2023,
	title = {Guía de Git Cómo trabajar en equipo en proyectos},
	url = {https://achalmaedison.netlify.app//docs/blog/posts/2023-02-16-guia-git},
	abstract = {Esta guía detallada de Git te enseñará todo lo que necesitas saber para empezar a trabajar en equipo en proyectos. Desde la instalación hasta la colaboración con otros desarrolladores, esta guía te proporcionará las herramientas necesarias para mantener tu código organizado y siempre actualizado.},
	author = {Achalma, Edison},
	urldate = {2023-06-20},
	date = {2023-02-16},
	langid = {spanish},
	file = {Full Text PDF:/home/achalmaedison/Zotero/storage/AI5VHMH6/Achalma - 2023 - Guía de Git Cómo trabajar en equipo en proyectos.pdf:application/pdf},
}

@article{achalma_capitalismo_2023,
	title = {El capitalismo ¿Cáncer de nuestra era?},
	url = {https://achalmaedison.netlify.app//docs/blog/posts/2023-03-03-el-capitalismo},
	abstract = {En la actualidad, el capitalismo es uno de los sistemas económicos más criticados por sus impactos negativos en la sociedad y el medio ambiente.},
	author = {Achalma, Edison},
	urldate = {2023-06-20},
	date = {2023-04-29},
	langid = {spanish},
	file = {Full Text PDF:/home/achalmaedison/Zotero/storage/IXPWUGU6/Achalma - 2023 - El capitalismo ¿Cáncer de nuestra era.pdf:application/pdf},
}

@article{peru_diinternacional_2023,
	title = {Día Internacional de los Trabajadores de mayo de 2023.},
	url = {https://achalmaedison.netlify.app//docs/blog/posts/2023-04-29-primero-de-mayo},
	abstract = {Comité Central del Partido Comunista del Perú llama a seguir sembrando revolución en el día del proletariado.},
	author = {Perú, Comité Central Partido Comunista del},
	urldate = {2023-06-20},
	date = {2023-05-01},
	langid = {spanish},
	file = {Full Text PDF:/home/achalmaedison/Zotero/storage/QJJKIFEW/Perú - 2023 - Día Internacional de los Trabajadores de mayo de 2.pdf:application/pdf},
}

@article{achalma_linux_2023,
	title = {Linux Primeros Pasos},
	url = {https://achalmaedison.netlify.app//docs/blog/posts/2023-05-02-linux-primeros-pasos},
	abstract = {Aprende los fundamentos de Linux en esta guía para principiantes, que te llevará a través de los primeros pasos para empezar a trabajar con este sistema operativo de código abierto.},
	author = {Achalma, Edison},
	urldate = {2023-06-20},
	date = {2023-05-02},
	langid = {spanish},
	file = {Full Text PDF:/home/achalmaedison/Zotero/storage/ISN2345B/Achalma - 2023 - Linux Primeros Pasos.pdf:application/pdf},
}

@article{achalma_cuales_2023,
	title = {¿Cuáles son las cualidades de los servidores públicos?},
	url = {https://achalmaedison.netlify.app//docs/blog/posts/2023-05-11-cualidades-servidores-publicos},
	abstract = {Este artículo explora las cualidades esenciales que deben tener los servidores públicos. Desde la amabilidad hasta la serenidad, cada una de estas características desempeña un papel fundamental en el desempeño efectivo de los servidores públicos.},
	author = {Achalma, Edison},
	urldate = {2023-06-20},
	date = {2023-05-11},
	langid = {spanish},
	file = {Full Text PDF:/home/achalmaedison/Zotero/storage/CM8FIN8V/Achalma - 2023 - ¿Cuáles son las cualidades de los servidores públi.pdf:application/pdf},
}

@article{achalma_economiperuana_2023,
	title = {La Economía Peruana de 1970 a 1990 Un Análisis de sus Períodos y Desafíos},
	url = {https://achalmaedison.netlify.app//docs/blog/posts/2023-05-12-la-economia-peruana-1970-1990-un-analisis-periodos-desafios},
	abstract = {Descubre cómo la economía peruana enfrentó importantes cambios y desafíos desde 1970 hasta 1990. A través de este análisis exhaustivo, exploraremos los períodos clave y las políticas económicas implementadas. Desde la reforma agraria hasta las crisis económicas y las políticas heterodoxas, este estudio revela los altibajos y las decisiones cruciales que influyeron en el desarrollo económico del Perú en ese período.},
	author = {Achalma, Edison},
	urldate = {2023-06-20},
	date = {2023-05-12},
	langid = {spanish},
	file = {Full Text PDF:/home/achalmaedison/Zotero/storage/XLSWUWTS/Achalma - 2023 - La Economía Peruana de 1970 a 1990 Un Análisis de .pdf:application/pdf},
}

@article{achalma_impulsando_2023,
	title = {Impulsando el Desarrollo Económico Regional Claves para un Futuro Próspero},
	url = {https://achalmaedison.netlify.app//docs/blog/posts/2023-05-16-economia-regional},
	abstract = {Descubre cómo potenciar el crecimiento económico regional y superar los desafíos en el contexto actual. Este artículo ofrece información valiosa sobre estrategias clave, tendencias económicas y herramientas para impulsar el desarrollo regional y crear un futuro próspero para latinoamérica.},
	author = {Achalma, Edison},
	urldate = {2023-06-20},
	date = {2023-05-16},
	langid = {spanish},
	file = {Full Text PDF:/home/achalmaedison/Zotero/storage/J6X96DXY/Achalma - 2023 - Impulsando el Desarrollo Económico Regional Claves.pdf:application/pdf},
}

@article{achalma_seminario_2023,
	title = {Seminario de filosofía},
	url = {https://achalmaedison.netlify.app//docs/blog/posts/2023-05-19-seminario-filosofia-marxista},
	abstract = {Notas de filosofía marxista},
	author = {Achalma, Edison},
	urldate = {2023-06-20},
	date = {2023-05-19},
	langid = {spanish},
	file = {Full Text PDF:/home/achalmaedison/Zotero/storage/Z4S5U7XE/Achalma - 2023 - Seminario de filosofía.pdf:application/pdf},
}

@article{achalma_ideas_2023,
	title = {Ideas de investigación en Econometría Análisis de variables y relaciones económicas},
	url = {https://achalmaedison.netlify.app//docs/blog/posts/2023-06-03-ideas-investigacion},
	abstract = {En este blog, presentamos una serie de ideas de investigación en el campo de la Econometría. Estas ideas abarcan diversos temas, desde el análisis del comportamiento de variables económicas hasta la evaluación de la influencia de factores externos e internos en la economía. Descubre cómo la Econometría puede ayudarte a comprender y modelar fenómenos económicos complejos.},
	author = {Achalma, Edison},
	urldate = {2023-06-20},
	date = {2023-06-03},
	langid = {spanish},
	file = {Full Text PDF:/home/achalmaedison/Zotero/storage/HPVNLUKQ/Achalma - 2023 - Ideas de investigación en Econometría Análisis de .pdf:application/pdf},
}

@article{achalma_pautas_2023,
	title = {Pautas para la presentación del informe de investigación en economía enfoque, estructura y elementos clave},
	url = {https://achalmaedison.netlify.app//docs/blog/posts/2023-06-03-pautas-presentacion-informe-investigacion},
	abstract = {Este artículo proporciona pautas detalladas para la presentación efectiva de informes de investigación en el campo de la economía. Se abordan aspectos fundamentales, como el planteamiento del problema, los objetivos, la importancia y justificación, los antecedentes, las consideraciones teóricas, la formulación de hipótesis, la metodología y los datos, el esquema de investigación, el desarrollo del esquema y la bibliografía. Se ofrecen consejos prácticos y se citan referencias bibliográficas relevantes para guiar a los estudiantes en cada etapa del proceso.},
	author = {Achalma, Edison},
	urldate = {2023-06-20},
	date = {2023-06-03},
	langid = {spanish},
	file = {Full Text PDF:/home/achalmaedison/Zotero/storage/F8Q9TYL7/Achalma - 2023 - Pautas para la presentación del informe de investi.pdf:application/pdf},
}

@article{achalma_legado_2023,
	title = {El legado revolucionario de Mariátegui. Siguiendo su camino hacia un futuro transformado},
	url = {https://achalmaedison.netlify.app//docs/blog/posts/2023-06-09-entendiendo-mariategui},
	abstract = {Descubre el legado revolucionario de José Carlos Mariátegui y cómo seguir su camino puede impulsar un futuro transformador. Exploraremos su teoría marxista-leninista, la importancia de la fusión con las masas y la necesidad de una acción consecuente. ¡Únete a la revolución!},
	author = {Achalma, Edison},
	urldate = {2023-06-20},
	date = {2023-06-09},
	langid = {spanish},
	file = {Full Text PDF:/home/achalmaedison/Zotero/storage/SWTPCJPC/Achalma - 2023 - El legado revolucionario de Mariátegui. Siguiendo .pdf:application/pdf},
}

@article{achalma_instalacion_2023,
	title = {Instalación de R en Linux},
	url = {https://achalmaedison.netlify.app//docs/blog/posts/2023-06-10-1-instalacion-r},
	abstract = {Descubre cómo comenzar con R en el sistema operativo Linux, desde la descarga e instalación hasta la manipulación de datos para análisis. Aprende sobre las funcionalidades y ventajas que ofrece este software en el entorno Linux.},
	author = {Achalma, Edison},
	urldate = {2023-06-20},
	date = {2023-06-09},
	langid = {spanish},
	file = {Full Text PDF:/home/achalmaedison/Zotero/storage/KPPITQMZ/Achalma - 2023 - Instalación de R en Linux.pdf:application/pdf},
}

@article{achalma_naturaleza_2023,
	title = {Naturaleza Humana y su impacto político, sesgos científicos. Más allá de los Límites Impuestos},
	url = {https://achalmaedison.netlify.app//docs/blog/posts/2023-06-09-naturaleza-humana},
	abstract = {Descubre cómo nuestras visiones sobre la naturaleza humana tienen consecuencias políticas, cómo los sesgos científicos pueden distorsionar la verdad y cómo podemos encontrar la libertad más allá de los límites impuestos. Explora los temas de género, igualdad y toma el control de tus propias creencias para una vida más consciente y libre.},
	author = {Achalma, Edison},
	urldate = {2023-06-20},
	date = {2023-06-09},
	langid = {spanish},
	file = {Full Text PDF:/home/achalmaedison/Zotero/storage/B6BIVZFQ/Achalma - 2023 - Naturaleza Humana y su impacto político, sesgos ci.pdf:application/pdf},
}

@article{achalma_que_2023,
	title = {¿Qué nos ofrece R?},
	url = {https://achalmaedison.netlify.app//docs/blog/posts/2023-06-10-2-que-ofrece-r},
	abstract = {Descubre cómo comenzar con R en el sistema operativo Linux, desde la descarga e instalación hasta la manipulación de datos para análisis. Aprende sobre las funcionalidades y ventajas que ofrece este software en el entorno Linux.},
	author = {Achalma, Edison},
	urldate = {2023-06-20},
	date = {2023-06-10},
	langid = {spanish},
	file = {Full Text PDF:/home/achalmaedison/Zotero/storage/V5DUTGVK/Achalma - 2023 - ¿Qué nos ofrece R.pdf:application/pdf},
}

@article{achalma_introduccion_2023,
	title = {Introducción a organización industrial},
	url = {https://achalmaedison.netlify.app//docs/blog/posts/2023-06-12-introducion-organizacion-industrial},
	abstract = {Descubre los conceptos fundamentales de la Organización Industrial, los diferente enfoques y su relación con la economía. Exploraremos las estrategias empresariales, decisiones estratégicas y aportes históricos que han moldeado esta disciplina.},
	author = {Achalma, Edison},
	urldate = {2023-06-20},
	date = {2023-06-12},
	langid = {spanish},
	file = {Full Text PDF:/home/achalmaedison/Zotero/storage/IPYKQ7Z3/Achalma - 2023 - Introducción a organización industrial.pdf:application/pdf},
}

@article{achalma_lo_2023,
	title = {Lo que debemos saber de R},
	url = {https://achalmaedison.netlify.app//docs/blog/posts/2023-06-10-3-debemos-saber-r},
	abstract = {Descubre cómo comenzar con R en el sistema operativo Linux, desde la descarga e instalación hasta la manipulación de datos para análisis. Aprende sobre las funcionalidades y ventajas que ofrece este software en el entorno Linux.},
	author = {Achalma, Edison},
	urldate = {2023-06-20},
	date = {2023-06-11},
	langid = {spanish},
	file = {Full Text PDF:/home/achalmaedison/Zotero/storage/YTAHZPJW/Achalma - 2023 - Lo que debemos saber de R.pdf:application/pdf},
}

@article{achalma_introduccion_2023-1,
	title = {Introducción a los Sistemas Económicos. Cómo se distribuyen los recursos y se producen},
	url = {https://achalmaedison.netlify.app//docs/blog/posts/2023-06-13-sistemas-economicos},
	abstract = {Descubre cómo se distribuyen los recursos, se producen y se distribuyen los bienes y servicios en los sistemas económicos. Exploramos los enfoques de economía de mercado, economía planificada y economía mixta, y analizamos cómo satisfacen las necesidades de los consumidores. Aprende sobre los tipos de sistemas económicos: capitalismo, socialismo y comunismo, y las diferencias entre ellos.},
	author = {Achalma, Edison},
	urldate = {2023-06-20},
	date = {2023-06-13},
	langid = {spanish},
	file = {Full Text PDF:/home/achalmaedison/Zotero/storage/JTG2LQ57/Achalma - 2023 - Introducción a los Sistemas Económicos. Cómo se di.pdf:application/pdf},
}

@article{achalma_manipulacion_2023,
	title = {Manipulación de datos en R},
	url = {https://achalmaedison.netlify.app//docs/blog/posts/2023-06-10-4-manipulacion-datos-r},
	abstract = {Descubre cómo comenzar con R en el sistema operativo Linux, desde la descarga e instalación hasta la manipulación de datos para análisis. Aprende sobre las funcionalidades y ventajas que ofrece este software en el entorno Linux.},
	author = {Achalma, Edison},
	urldate = {2023-06-20},
	date = {2023-06-12},
	langid = {spanish},
	file = {Full Text PDF:/home/achalmaedison/Zotero/storage/79MVQZ5B/Achalma - 2023 - Manipulación de datos en R.pdf:application/pdf},
}

@article{achalma_empresa_2023,
	title = {La Empresa como Organización. Promoviendo Valores Cooperativos, Humanos y Sociales},
	url = {https://achalmaedison.netlify.app//docs/blog/posts/2023-06-13-empresa-como-organizacion},
	abstract = {Descubre cómo las empresas, como organizaciones sociales, promueven valores cooperativos, humanos y sociales en su funcionamiento. Exploramos la estructura organizativa, el enfoque cooperativo y el impacto positivo que tienen en la sociedad. Aprende cómo estas empresas se adaptan al entorno y logran sus metas económicas mientras fomentan la colaboración y el bienestar social.},
	author = {Achalma, Edison},
	urldate = {2023-06-20},
	date = {2023-06-13},
	langid = {spanish},
	file = {Full Text PDF:/home/achalmaedison/Zotero/storage/R4M796RK/Achalma - 2023 - La Empresa como Organización. Promoviendo Valores .pdf:application/pdf},
}

@article{achalma_mercado_2023,
	title = {El Mercado Relevante Industrial de Bienes y el Mercado Geográfico},
	url = {https://achalmaedison.netlify.app//docs/blog/posts/2023-06-15-mercado-relevante-oi-cap-2},
	abstract = {Esta nota de clase profundiza en el concepto del mercado relevante industrial de bienes y en el mercado geográfico relevante. Se exploran las implicaciones teóricas y prácticas, y se abordan los desafíos y oportunidades que enfrentan las empresas en un entorno altamente competitivo y geográficamente diverso.},
	author = {Achalma, Edison},
	urldate = {2023-06-20},
	date = {2023-06-15},
	langid = {spanish},
	file = {Full Text PDF:/home/achalmaedison/Zotero/storage/KCRP4C2L/Achalma - 2023 - El Mercado Relevante Industrial de Bienes y el Mer.pdf:application/pdf},
}

@article{achalma_perspectivas_2023,
	title = {Perspectivas Globales. Explorando los Fundamentos y Alcances de las Finanzas Internacionales},
	url = {https://achalmaedison.netlify.app//docs/blog/posts/2023-06-16-globalizacion-finanzas-internacionales-fi1},
	abstract = {Descubre los orígenes y conceptos fundamentales de las finanzas internacionales, explorando los regímenes cambiarios, el sistema monetario internacional, los procesos de ajuste en la balanza de pagos, los determinantes del tipo de cambio y las condiciones de paridad. En el ámbito de las finanzas corporativas, explora los mercados financieros internacionales, las operaciones a escala mundial, la evaluación y gestión del riesgo cambiario, el financiamiento internacional y la inversión en portafolios internacionales.},
	author = {Achalma, Edison},
	urldate = {2023-06-20},
	date = {2023-06-16},
	langid = {spanish},
	file = {Full Text PDF:/home/achalmaedison/Zotero/storage/AQNCQC8H/Achalma - 2023 - Perspectivas Globales. Explorando los Fundamentos .pdf:application/pdf},
}

@article{achalma_perspectivas_2023-1,
	title = {Perspectivas Monetarias Globales. Análisis de Regímenes Cambiarios y el Futuro del {FMI}},
	url = {https://achalmaedison.netlify.app//docs/blog/posts/2023-06-17-sistema-monetario-internacional-fi2},
	abstract = {Descubre los distintos regímenes cambiarios, desde los tipos de cambio fijos hasta los flexibles, y su impacto en la economía global. Explora el futuro del Fondo Monetario Internacional y su papel en la estabilidad financiera internacional.},
	author = {Achalma, Edison},
	urldate = {2023-06-20},
	date = {2023-06-17},
	langid = {spanish},
	file = {Full Text PDF:/home/achalmaedison/Zotero/storage/9Z2HSFBY/Achalma - 2023 - Perspectivas Monetarias Globales. Análisis de Regí.pdf:application/pdf},
}
